@inproceedings{area_based,
  title={On optimal anchor placement for efficient area-based localization in wireless networks},
  author={Lasla, Noureddine and Younis, Mohamed and Ouadjaout, Abdelraouf and Badache, Nadjib},
  booktitle={IEEE International Conference on Communications (ICC)},
  pages={3257 - 3262},
  year={2015},
  organization={IEEE}
}

@article{building_monitoring,
  title={Low power wireless sensor network for building monitoring},
  author={Torfs, Tom and Sterken, Tom and Brebels, Steven and Santana, Juan and van den Hoven, Richard and Spiering, Vincent and Bertsch, Nicolas and Trapani, Davide and Zonta, Daniele},
  journal={Sensors Journal, IEEE},
  volume={13},
  number={3},
  pages={909--915},
  year={2013},
  publisher={IEEE}
}

@article{WiSe,
  title={Open-wise: A solar powered wireless sensor network platform},
  author={Gonz{\'a}lez, Apolinar and Aquino, Ra{\'u}l and Mata, Walter and Ochoa, Alberto and Salda{\~n}a, Pedro and Edwards, Arthur},
  journal={Sensors},
  volume={12},
  number={6},
  pages={8204--8217},
  year={2012},
  publisher={Molecular Diversity Preservation International}
}

@inproceedings{lifetime_study,
  title={Sensor node lifetime: An experimental study},
  author={Nguyen, Hoang Anh and F{\"o}rster, Anna and Puccinelli, Daniele and Giordano, Silvia},
  booktitle={Pervasive Computing and Communications Workshops (PERCOM Workshops), 2011 IEEE International Conference on},
  pages={202--207},
  year={2011},
  organization={IEEE}
}

@misc{lisocl,
  title = {Power Your Wireless Sensors For 40 Years},
  howpublished = {http://electronicdesign.com/power/power-your-wireless-sensors-40-years},
  note = {Accessed: 2015.11.20},
  author = {Sol Jacobs, Tadiran Batteries}
}

@inproceedings{q1,
  title={Wireless Sensor Network Localization Techniques},
  author={Mao, Fidan, Anderson},
  booktitle={Computer Networks,  no. 10},
  volume={51},
  pages={2529--2553},
  year={2007},
  organization={}
}

@inproceedings{lighthouse,
  title={The lighthouse location system for smart dust},
  author={R{\"o}mer, Kay},
  booktitle={Proceedings of the 1st international conference on Mobile systems, applications and services},
  pages={15--30},
  year={2003},
  organization={ACM}
}

@article{toa,
  author    = {S. Ravindra and
               S. N. Jagadeesha},
  title     = {Time Of Arrival Based Localization in Wireless Sensor Networks : {A}
               Linear Approach},
  journal   = {CoRR},
  volume    = {abs/1403.6697},
  year      = {2014},
  url       = {http://arxiv.org/abs/1403.6697},
  timestamp = {Tue, 01 Apr 2014 11:56:46 +0200},
  biburl    = {http://dblp.uni-trier.de/rec/bib/journals/corr/RavindraJ14},
  bibsource = {dblp computer science bibliography, http://dblp.org}
}